<?xml version="1.0" encoding="UTF-8"?><collection xmlns="http://www.loc.gov/MARC21/slim"><record><leader>00443nam--2200133-i-4500</leader><controlfield tag="001">000044142</controlfield><controlfield tag="002">20161230</controlfield><controlfield tag="005">20161230201044</controlfield><controlfield tag="008">060222s1000------------r-----000-0-eng-d</controlfield><datafield ind1=" " ind2=" " tag="080"><subfield code="a">621.039.54</subfield></datafield><datafield ind1=" " ind2=" " tag="100"><subfield code="a">Pucar, Z., Pravdic, V.And Branica, M</subfield></datafield><datafield ind1=" " ind2=" " tag="245"><subfield code="a">Preparation of uranium by electrochemical reduction in ammonium carbonate solutions and subsequent precipitation</subfield></datafield><datafield ind1=" " ind2=" " tag="260"><subfield code="a">Zagreb, `Ruder Boskovic` Inst., 1963, 7p.+4 Fig</subfield></datafield><datafield ind1=" " ind2=" " tag="852"><subfield code="a">8916</subfield></datafield></record></collection>